@article{Roberts,
 ISSN = {08834237},
 URL = {http://www.jstor.org/stable/3182776},
 abstract = {We review and extend results related to optimal scaling of Metropolis-Hastings algorithms. We present various theoretical results for the high-dimensional limit. We also present simulation studies which confirm the theoretical results in finite-dimensional contexts.},
 author = {Gareth O. Roberts and Jeffrey S. Rosenthal},
 journal = {Statistical Science},
 number = {4},
 pages = {351--367},
 publisher = {Institute of Mathematical Statistics},
 title = {Optimal Scaling for Various Metropolis-Hastings Algorithms},
 urldate = {2022-12-14},
 volume = {16},
 year = {2001}
}

